<?xml version="1.0" encoding="UTF-8"?>
<collection xmlns:xsi="http://www.w3.org/2001/XMLSchema-instance" xsi:schemaLocation="http://www.loc.gov/MARC21/slim http://www.loc.gov/standards/marcxml/schema/MARC21slim.xsd" xmlns="http://www.loc.gov/MARC21/slim">
<record>
  <leader>01315cam a2200253 a 4500</leader>
  <controlfield tag="001">3059238</controlfield>
  <controlfield tag="003">NNC</controlfield>
  <controlfield tag="005">20130520200809.0</controlfield>
  <controlfield tag="008">960221s1932    ua            000 0 arard</controlfield>
  <datafield tag="035" ind1=" " ind2=" ">
    <subfield code="a">(OCoLC)ocm34234108</subfield>
  </datafield>
  <datafield tag="035" ind1=" " ind2=" ">
    <subfield code="9">ATM7848CU</subfield>
  </datafield>
  <datafield tag="035" ind1=" " ind2=" ">
    <subfield code="a">(NNC)3059238</subfield>
  </datafield>
  <datafield tag="035" ind1=" " ind2=" ">
    <subfield code="a">3059238</subfield>
  </datafield>
  <datafield tag="040" ind1=" " ind2=" ">
    <subfield code="a">UUM</subfield>
    <subfield code="c">UUM</subfield>
    <subfield code="d">OCL</subfield>
    <subfield code="d">ZCU</subfield>
  </datafield>
  <datafield tag="099" ind1=" " ind2=" ">
    <subfield code="a">893.799</subfield>
    <subfield code="a">Ib547</subfield>
  </datafield>
  <datafield tag="100" ind1="1" ind2=" ">
    <subfield code="a">Ibn Farḥūn, Ibrāhīm ibn ʻAlī,</subfield>
    <subfield code="d">-1397.</subfield>
  </datafield>
  <datafield tag="240" ind1="1" ind2="0">
    <subfield code="a">Dībāj al-mudhahhab fī maʻrifat aʻyān ʻulamāʼ al-madhhab</subfield>
  </datafield>
  <datafield tag="245" ind1="1" ind2="0">
    <subfield code="a">Kitāb al-Dībāj al-mudhahhab fī maʻrifat aʻyān ʻulamaʾ al- madhhab /</subfield>
    <subfield code="c">taʾlīf Ibrāhīm ibn ʻAlī ibn Muḥammad ibn Farḥūn al-Yaʻmarī al-Madanī al-Mālikī. Wa-bi-hāmishihi Kitāb Nayl al-ibtihāj bi-taṭrīz al-Dīb āj / li-Abī al-ʻAbbās Sayyidī Aḥmad ibn Aḥmad ibn Aḥmad ibn ʻUmar ibn Muḥammad Aqīt ʻurifa bi-Bābā al-Tunbuktī.</subfield>
  </datafield>
  <datafield tag="260" ind1=" " ind2=" ">
    <subfield code="a">Miṣr :</subfield>
    <subfield code="b">ʻAbbās ibn ʻAbd al-Salām ibn Shaqrūn,</subfield>
    <subfield code="c">1351 [1932]</subfield>
  </datafield>
  <datafield tag="300" ind1=" " ind2=" ">
    <subfield code="a">4, 362 p. ;</subfield>
    <subfield code="c">28 cm.</subfield>
  </datafield>
  <datafield tag="650" ind1=" " ind2="0">
    <subfield code="a">Malikites</subfield>
    <subfield code="v">Biography.</subfield>
  </datafield>
  <datafield tag="600" ind1="1" ind2="0">
    <subfield code="a">Ibn Farḥūn, Ibrāhīm ibn ʻAlī,</subfield>
    <subfield code="d">-1397.</subfield>
    <subfield code="t">Dībāj al- mudhahhab fī maʻrifat aʻyān ʻulamāʼ al-madhhab.</subfield>
  </datafield>
  <datafield tag="700" ind1="1" ind2="2">
    <subfield code="a">Bābā, Aḥmad ibn Aḥmad,</subfield>
    <subfield code="d">1556-1627.</subfield>
    <subfield code="t">Nayl al-ibtihāj bi-taṭrīz al-Dibāj.</subfield>
  </datafield>
  <datafield tag="955" ind1=" " ind2=" ">
    <subfield code="b">CU10163166</subfield>
    <subfield code="d">off,glx</subfield>
    <subfield code="e">893.799 Ib547</subfield>
  </datafield>
</record>
</collection>